<record><leader>00000cas a2200000 a 4500</leader><controlfield tag="001">8403932</controlfield><controlfield tag="008">820506c19569999caudn ne      0   a0eng c</controlfield><datafield ind1=" " ind2=" " tag="010"><subfield code="a">sn 82002496 </subfield></datafield><datafield ind1=" " ind2=" " tag="040"><subfield code="a">NSD</subfield><subfield code="b">eng</subfield><subfield code="c">NSD</subfield><subfield code="d">CNK</subfield><subfield code="d">OCLCQ</subfield><subfield code="d">CNK</subfield><subfield code="d">OCLCQ</subfield><subfield code="d">OCLCF</subfield><subfield code="d">OCLCO</subfield></datafield><datafield ind1=" " ind2=" " tag="012"><subfield code="k">1</subfield><subfield code="m">1</subfield></datafield><datafield ind1="1" ind2=" " tag="022"><subfield code="a">0744-5830</subfield><subfield code="l">0744-5830</subfield><subfield code="2">1</subfield></datafield><datafield ind1="1" ind2=" " tag="029"><subfield code="a">AU@</subfield><subfield code="b">000025812381</subfield></datafield><datafield ind1="1" ind2=" " tag="029"><subfield code="a">NZ1</subfield><subfield code="b">16074518</subfield></datafield><datafield ind1=" " ind2=" " tag="032"><subfield code="a">026820</subfield><subfield code="b">USPS</subfield></datafield><datafield ind1=" " ind2=" " tag="037"><subfield code="b">Antelope Valley Newspapers, Inc., 37404 Sierra Highway, Palmdale, CA 93550</subfield></datafield><datafield ind1=" " ind2=" " tag="042"><subfield code="a">nsdp</subfield><subfield code="a">pcc</subfield></datafield><datafield ind1=" " ind2="0" tag="222"><subfield code="a">Antelope Valley press</subfield></datafield><datafield ind1="0" ind2="0" tag="245"><subfield code="a">Antelope Valley press.</subfield></datafield><datafield ind1="3" ind2=" " tag="246"><subfield code="a">Valley press</subfield></datafield><datafield ind1="1" ind2=" " tag="246"><subfield code="i">Published as:</subfield><subfield code="a">Antelope Valley press and ledger-gazette</subfield><subfield code="f">July 7-8, 1983</subfield></datafield><datafield ind1=" " ind2=" " tag="260"><subfield code="a">Palmdale, Calif. :</subfield><subfield code="b">James W. Metcalfe</subfield></datafield><datafield ind1=" " ind2=" " tag="310"><subfield code="a">Daily (except Mon.),</subfield><subfield code="b">Oct. 3, 1992-</subfield></datafield><datafield ind1=" " ind2=" " tag="321"><subfield code="a">Frequency varies,</subfield><subfield code="b">Apr. 1956-Oct 2, 1992</subfield></datafield><datafield ind1="0" ind2=" " tag="362"><subfield code="a">Vol. 34th year, no. 45 (Apr. 12,1956)-</subfield></datafield><datafield ind1=" " ind2=" " tag="500"><subfield code="a">"Antelope" appears in small type above "Valley press."</subfield></datafield><datafield ind1=" " ind2=" " tag="500"><subfield code="a">"Including Ledger-Gazette" appears in small type below masthead title, July 10, 1983-May 16, 1990.</subfield></datafield><datafield ind1=" " ind2=" " tag="500"><subfield code="a">Also published North Valley ed., Apr. 1965-Oct. 1974.</subfield></datafield><datafield ind1=" " ind2=" " tag="530"><subfield code="a">Also available on the internet.</subfield></datafield><datafield ind1=" " ind2=" " tag="530"><subfield code="a">Master negatives are available for duplication from:</subfield><subfield code="b">California Newspaper Microfilm Archive;</subfield><subfield code="c">positive copies may be purchased by the reel; for further information consult the CNMA at:</subfield><subfield code="u">http://cbsr.ucr.edu</subfield></datafield><datafield ind1=" " ind2="0" tag="651"><subfield code="a">Antelope Valley (Calif.)</subfield><subfield code="v">Newspapers.</subfield></datafield><datafield ind1=" " ind2="7" tag="655"><subfield code="a">Newspapers.</subfield><subfield code="2">fast</subfield><subfield code="0">(OCoLC)fst01423814</subfield></datafield><datafield ind1=" " ind2="7" tag="651"><subfield code="a">California</subfield><subfield code="z">Antelope Valley.</subfield><subfield code="2">fast</subfield><subfield code="0">(OCoLC)fst01239995</subfield></datafield><datafield ind1=" " ind2=" " tag="752"><subfield code="a">United States</subfield><subfield code="b">California</subfield><subfield code="c">Los Angeles</subfield><subfield code="d">Palmdale.</subfield></datafield><datafield ind1="0" ind2=" " tag="775"><subfield code="t">Antelope Valley press (Lancaster, Calif. : North Valley ed.)</subfield><subfield code="w">(DLC)sn 97060405</subfield></datafield><datafield ind1="0" ind2="0" tag="780"><subfield code="t">South Antelope Valley press (Palmdale, Calif. : 1952)</subfield><subfield code="w">(DLC)sn 97060403</subfield></datafield><datafield ind1="0" ind2="5" tag="780"><subfield code="t">Antelope Valley daily ledger-gazette (Lancaster, Calif. : 1978)</subfield><subfield code="w">(DLC)sn2001060211</subfield></datafield><datafield ind1="7" ind2=" " tag="856"><subfield code="z">Online version:</subfield><subfield code="u">http://www.avpress.com/</subfield><subfield code="2">http</subfield></datafield><datafield ind1=" " ind2=" " tag="936"><subfield code="a">Apr. 30, 1982</subfield></datafield></record>